@book{haynes2016crc,
  title={CRC Handbook of Chemistry and Physics: A Ready-Reference Book of Chemical and Physical Data},
  author={Haynes, William M and Lide, David R and Bruno, Thomas J},
  edition={97th},
  year={2016},
  publisher={CRC Press},
  address={Boca Raton, FL},
  note={sections 16-26: Flammability of Chemical Substances}
}

@article{ravikumar2016optical,
  title={Are optical gas imaging technologies effective for methane leak detection?},
  author={Ravikumar, Arvind P and Wang, Jingfan and Brandt, Adam R},
  journal={Environmental Science \& Technology},
  volume={51},
  pages={718},
  year={2016},
  publisher={ACS Publications}
}
